@book{NNDL,
    title = {Neural Networks and Deep Learning},
    author = {Michael A. Nielsen},
    year = {2015},
    publisher = {Determination Press},
    keywords = {physics}
}

@book{PCA,
    title = {Principal Component Analysis},
    author = {I.T. Jolliffe},
    isbn = {9780387224404},
    series = {Springer Series in Statistics},
    year = {2002},
    publisher = {Springer-Verlag New York},
}

@article{Tensorflow,
    title = {TensorFlow: Large-Scale Machine Learning on Heterogeneous Distributed Systems},
    author = {Martín Abadi etc.},
}

@incollection{NIPS2000_1861,
    title = {Algorithms for Non-negative Matrix Factorization},
    author = {Daniel D. Lee and Seung, H. Sebastian},
    booktitle = {Advances in Neural Information Processing Systems 13},
    editor = {T. K. Leen and T. G. Dietterich and V. Tresp},
    pages = {556--562},
    year = {2001},
    publisher = {MIT Press},
}

@article{hello,
    title = {Multivariate Data Analysis (3rd ed)},
    author = {Hair, J. F. Jr., Anderson, R. E., Tatham, R. L. & Black, W. C..},
    year = {1995},
    publisher = {New York: Macmillan.},
}

@article{doi:10.1086/696129,
author = {Edward Helderop and Kristin M. Ferguson and Tony H. Grubesic and Kimberly Bender},
title = {Predicting Movement of Homeless Young Adults: Artificial Neural Networks and Generalized Linear Models},
journal = {Journal of the Society for Social Work and Research},
volume = {9},
number = {1},
pages = {89-106},
year = {2018},
doi = {10.1086/696129},

URL = { 
        https://doi.org/10.1086/696129
    
},
eprint = { 
        https://doi.org/10.1086/696129
    
}
}


@article{litreview,
    title = {Correlates of Resilience in Homeless Adolescents},
    author = {Rew, Lynn},
    year = {2001},
    volume = {33},
    number = {1},
    pages = {33-40},
}

@article{adam,
    title = {Adam: A Method for Stochastic Optimization},
    author = {Diederik P. Kingma, Jimmy Ba},
    year = {2014},
}


@article{VA,
    title = {Migration by Veterans Who Received Homeless Services From the Department of Veterans Affairs},
    author = {Stephen Metraux, Dan Treglia, Thomas P. O’Toole},
    year = {2016},
}


